@book{weisbrod2009economic,
  title={Economic impact of public transportation investment},
  author={Weisbrod, Glen and Reno, Arlee},
  year={2009},
  publisher={Citeseer}
}

@book{IPUMS2019,
  title={{IPUMS USA}: Version 9.0 [dataset]},
  author={Steven Ruggles and Sarah Flood and Ronald Goeken and Josiah Grover and Erin Meyer and Jose Pacas and Matthew Sobek},
  year={2019},
  publisher={{IPUMS}},
  address={Minneapolis, MN},
  doi={10.18128/D010.V9.0}
},

@article{haynes1997labor,
  title={Labor markets and regional transportation improvements: the case of high-speed trains An introduction and review},
  author={Haynes, Kingsley E},
  journal={The annals of regional science},
  volume={31},
  number={1},
  pages={57--76},
  year={1997},
  publisher={Springer}
}

@article{hirota1984present,
  title={Present Situation and Effects of the Shinkansen, realzione presentata allâ€™International Seminar on High-Speed Trains},
  author={Hirota, R},
  year={1984},
  publisher={Paris}
}

@article{amano1990study,
  title={Study on urbanization impacts by new stations of High Speed Railway},
  author={Amano, Kozo and Nakagawa, Dai},
  booktitle={Conference of Korean Transportation Association, Dejeon City},
  year={1990}
}

@article{Neumark1998,
author={Neumark,David},
year={1998},
month={05},
title={Labor Market Information and Wage Differentials by Race and Sex},
journal={NBER Working Paper Series},
pages={6573},
note={Copyright - Copyright National Bureau of Economic Research, Inc. May 1998; Last updated - 2015-12-18},
keywords={Business And Economics; 10.3386/w6573},
language={English},
url={https://search-proquest-com.ezproxy.lib.ou.edu/docview/1690116241?accountid=12964},
},

@article{ANANAT2018141,
title = "Race-specific urban wage premia and the black-white wage gap",
journal = "Journal of Urban Economics",
volume = "108",
pages = "141 - 153",
year = "2018",
issn = "0094-1190",
doi = "https://doi.org/10.1016/j.jue.2018.11.002",
url = "http://www.sciencedirect.com/science/article/pii/S0094119018300895",
author = "Elizabeth Ananat and Fu Shihe and Stephen L. Ross",
keywords = "Black-white wage gap, Agglomeration economies, Urban wage premium, Employment density, Information networks, Racial inequality",
},



@article{altonji1993,
  author = {Joseph G. Altonji},
  title = {The Demand for and Return to Education When Education Outcomes are Uncertain},
  journal = {Journal of Labor Economics},
  volume = {11},
  number = {1, Part 1},
  pages = {48--83},
  year = {1993},
  doi = {10.1086/298317}
},

@article{altonji_al2012,
  author = {Joseph G. Altonji and Erica Blom and Costas Meghir},
  title = {Heterogeneity in Human Capital Investments: High School Curriculum, College Majors, and Careers},
  journal = {Annual Review of Economics},
  year = {2012},
  volume = {4},
  pages = {185--223}
},

@incollection{altonji_al2016,
  author = {Joseph G. Altonji and Peter Arcidiacono and Arnaud Maurel},
  title = {The Analysis of Field Choice in College and Graduate School: Determinants and Wage Effects},
  editor = {Eric A. Hanushek and Stephen Machin and Ludger Woessmann},
  booktitle = {Handbook of the Economics of Education},
  publisher = {Elsevier},
  address = {Amsterdam},
  volume = {5},
  pages = {305--396},
  year = {2016},
  doi = {10.1016/B978-0-444-63459-7.00007-5}
},

@techreport{altonjiZimmerman2017,
  title = {The Costs of and Net Returns to College Major},
  author = {Joseph G. Altonji and Seth D. Zimmerman},
  institution = {Yale University},
  type = {Working Paper},
  series = {Working Paper Series},
  year = {2017}
}